<?xml version="1.0" encoding="UTF-8"?><collection xmlns="http://www.loc.gov/MARC21/slim"><record><leader>00440nam--2200133-i-4500</leader><controlfield tag="001">000013948</controlfield><controlfield tag="002">20161230</controlfield><controlfield tag="005">20161230201030</controlfield><controlfield tag="008">060222s1000------------r-----000-0-eng-d</controlfield><datafield ind1=" " ind2=" " tag="100"><subfield code="a">Coffron, James W</subfield></datafield><datafield ind1=" " ind2=" " tag="245"><subfield code="a">Practical hardware details. for 8080,8085,z80 and 6800. microprocesor systems</subfield></datafield><datafield ind1=" " ind2=" " tag="260"><subfield code="a">Englewood Cliffs, Prentice-hall, Inc., 1981</subfield></datafield><datafield ind1=" " ind2=" " tag="490"><subfield code="a">Prentice-hall Series In Microprocesor Technolo Gy</subfield></datafield><datafield ind1=" " ind2=" " tag="852"><subfield code="a">681.327.57:681.586.73</subfield></datafield></record></collection>